@inproceedings{Lu2018Single,
	title={Single Image Haze Removal Using Dark Channel Prior and Adaptive Transmission Rate},
	author={Lu and Guo and Jing and Song and Xinrui and Li and He and Huang and Jingjing and Du and },
	year={2018},
}

@article{2016Deep,
	title={Deep Residual Learning for Image Recognition},
	author={ He, K.  and  Zhang, X.  and  Ren, S.  and  Sun, J. },
	journal={IEEE},
	year={2016},
}

@inproceedings{2015Delving,
	title={Delving Deep into Rectifiers: Surpassing Human-Level Performance on ImageNet Classification},
	author={ He, K.  and  Zhang, X.  and  Ren, S.  and  Sun, J. },
	booktitle={CVPR},
	year={2015},
}